<?xml version="1.0" encoding="UTF-8"?><record xmlns="http://www.loc.gov/MARC21/slim" xmlns:cinclude="http://apache.org/cocoon/include/1.0" xmlns:zs="http://www.loc.gov/zing/srw/">
  <leader>00580nz  a2200145n  4500</leader>
  <controlfield tag="001">no 98113181 </controlfield>
  <controlfield tag="003">DLC</controlfield>
  <controlfield tag="005">19981006053537.2</controlfield>
  <controlfield tag="008">981005n| acannaab|          |a aaa      </controlfield>
  <datafield tag="010" ind1=" " ind2=" ">
    <subfield code="a">no 98113181 </subfield>
  </datafield>
  <datafield tag="035" ind1=" " ind2=" ">
    <subfield code="a">(OCoLC)oca04830548 </subfield>
  </datafield>
  <datafield tag="040" ind1=" " ind2=" ">
    <subfield code="a">DLC-ON</subfield>
    <subfield code="c">DLC-ON</subfield>
  </datafield>
  <datafield tag="100" ind1="1" ind2="0">
    <subfield code="a">Nagar, Dinesh</subfield>
  </datafield>
  <datafield tag="400" ind1="0" ind2="0">
    <subfield code="a">Dinesh Nagar</subfield>
  </datafield>
  <datafield tag="670" ind1=" " ind2=" ">
    <subfield code="a">Human reactions to crowding, 1998:</subfield>
    <subfield code="b">t.p. (Dinesh Nagar) jkt. (reader in the Dept. of Psychology and Coordinator of HRD programme in the Dept. of Psychology, Barkatullah U., Bhopal; Ph.D from Allahabad U., Post Doctoral research from U. of Texas at Airlington)</subfield>
  </datafield>
</record>